@inproceedings{Anelli_2022,
	doi = {10.1145/3503252.3531292},
  
	url = {https://doi.org/10.1145%2F3503252.3531292},
  
	year = 2022,
	month = {jul},
  
	publisher = {{ACM}
},
  
	author = {Vito Walter Anelli and Alejandro Bellog{\'{\i}}n and Tommaso Di Noia and Dietmar Jannach and Claudio Pomo},
  
	title = {Top-N Recommendation Algorithms: A Quest for the State-of-the-Art},
  
	booktitle = {Proceedings of the 30th {ACM} Conference on User Modeling, Adaptation and Personalization}
}
@misc{Ling_2021,
  doi = {10.48550/ARXIV.2109.11765},
  
  url = {https://arxiv.org/abs/2109.11765},
  
  author = {Ling, Yurong and Liu, Zijing and Xue, Jing-Hao},
  
  keywords = {Machine Learning (stat.ML), Machine Learning (cs.LG), Applications (stat.AP), FOS: Computer and information sciences, FOS: Computer and information sciences},
  
  title = {Dimension Reduction for Data with Heterogeneous Missingness},
  
  publisher = {arXiv},
  
  year = {2021},
  
  copyright = {arXiv.org perpetual, non-exclusive license}
}
@article{Afchar_2022,
	doi = {10.1002/aaai.12056},
  
	url = {https://doi.org/10.1002%2Faaai.12056},
  
	year = 2022,
	month = {jun},
  
	publisher = {Wiley},
  
	volume = {43},
  
	number = {2},
  
	pages = {190--208},
  
	author = {Darius Afchar and Alessandro B. Melchiorre and Markus Schedl and Romain Hennequin and Elena V. Epure and Manuel Moussallam},
  
	title = {Explainability in music recommender systems},
  
	journal = {{AI} Magazine}
}
